% Encoding: UTF-8

@Online{Oracle2017,
  author  = {Oracle},
  date    = {2017-09-09},
  editor  = {Oracle},
  title   = {What is ERP?},
  url     = {https://www.oracle.com/erp/what-is-erp/},
  urldate = {2024-11-15},
}

@Online{Microsoft2024,
  author  = {Microsoft},
  date    = {2024-11-15},
  editor  = {Microsoft},
  title   = {What is data integration?},
  url     = {https://azure.microsoft.com/en-us/resources/cloud-computing-dictionary/what-is-data-integration/},
  urldate = {2024-11-15},
}

@Article{tavana2020iot,
  author    = {Tavana, Madjid and Hajipour, Vahid and Oveisi, Shahrzad},
  title     = {IoT-based enterprise resource planning: Challenges, open issues, applications, architecture, and future research directions},
  pages     = {100262},
  volume    = {11},
  journal   = {Internet of Things},
  publisher = {Elsevier},
  year      = {2020},
}

@Article{sheik2020enterprise,
  author  = {Sheik, P Ashik and Sulphey, MM},
  title   = {Enterprise Resource Planning (ERP) As a Potential Tool for Organizational Effectiveness.},
  number  = {2},
  volume  = {17},
  journal = {Webology},
  year    = {2020},
}

@Article{katuu2020enterprise,
  author    = {Katuu, Shadrack},
  title     = {Enterprise resource planning: past, present, and future},
  number    = {1},
  pages     = {37--46},
  volume    = {25},
  journal   = {New Review of Information Networking},
  publisher = {Taylor \& Francis},
  year      = {2020},
}

@article{grigori2004business,
  title={Business process intelligence},
  author={Grigori, Daniela and Casati, Fabio and Castellanos, Malu and Dayal, Umeshwar and Sayal, Mehmet and Shan, Ming-Chien},
  journal={Computers in industry},
  volume={53},
  number={3},
  pages={321--343},
  year={2004},
  publisher={Elsevier}
}

@Comment{jabref-meta: databaseType:biblatex;}
